<record><leader>00000cas a22000007a 4500</leader><controlfield tag="001">9978613</controlfield><controlfield tag="008">831004c19829999txudr ne      0   a0eng d</controlfield><datafield ind1=" " ind2=" " tag="010"><subfield code="a">sn 83002777 </subfield></datafield><datafield ind1=" " ind2=" " tag="040"><subfield code="a">NSD</subfield><subfield code="b">eng</subfield><subfield code="c">NSD</subfield><subfield code="d">PPM</subfield><subfield code="d">OCLCQ</subfield><subfield code="d">IUL</subfield><subfield code="d">OCLCF</subfield></datafield><datafield ind1=" " ind2=" " tag="012"><subfield code="l">1</subfield><subfield code="m">1</subfield></datafield><datafield ind1="1" ind2=" " tag="022"><subfield code="a">0740-5227</subfield><subfield code="l">0740-5227</subfield><subfield code="2">1</subfield></datafield><datafield ind1=" " ind2=" " tag="032"><subfield code="a">305040</subfield><subfield code="b">USPS</subfield></datafield><datafield ind1=" " ind2=" " tag="037"><subfield code="b">Laredo Newspapers, Inc., P.O. Box 2129, Laredo, TX 78041</subfield></datafield><datafield ind1=" " ind2=" " tag="042"><subfield code="a">nsdp</subfield></datafield><datafield ind1=" " ind2=" " tag="043"><subfield code="a">n-us-tx</subfield></datafield><datafield ind1=" " ind2="4" tag="050"><subfield code="a">AP2</subfield><subfield code="b">.L374</subfield></datafield><datafield ind1=" " ind2="0" tag="222"><subfield code="a">Laredo morning times</subfield></datafield><datafield ind1="0" ind2="0" tag="245"><subfield code="a">Laredo morning times.</subfield></datafield><datafield ind1=" " ind2=" " tag="260"><subfield code="a">Laredo, Tex. :</subfield><subfield code="b">Miguel "Mike" Herrera III,</subfield><subfield code="c">1982-</subfield></datafield><datafield ind1=" " ind2=" " tag="310"><subfield code="a">Daily</subfield></datafield><datafield ind1="0" ind2=" " tag="362"><subfield code="a">Vol. 101, no. 16 (June 29, 1982)-</subfield></datafield><datafield ind1=" " ind2="0" tag="651"><subfield code="a">Laredo (Tex.)</subfield><subfield code="v">Newspapers.</subfield></datafield><datafield ind1=" " ind2="0" tag="650"><subfield code="a">Mexican Americans</subfield><subfield code="v">Newspapers.</subfield></datafield><datafield ind1=" " ind2="7" tag="655"><subfield code="a">Newspapers.</subfield><subfield code="2">fast</subfield><subfield code="0">(OCoLC)fst01423814</subfield></datafield><datafield ind1=" " ind2="7" tag="650"><subfield code="a">Mexican Americans.</subfield><subfield code="2">fast</subfield><subfield code="0">(OCoLC)fst01019072</subfield></datafield><datafield ind1=" " ind2="7" tag="651"><subfield code="a">Texas</subfield><subfield code="z">Laredo.</subfield><subfield code="2">fast</subfield><subfield code="0">(OCoLC)fst01217217</subfield></datafield><datafield ind1=" " ind2=" " tag="752"><subfield code="a">United States</subfield><subfield code="b">Texas</subfield><subfield code="c">Webb</subfield><subfield code="d">Laredo.</subfield></datafield><datafield ind1="0" ind2="0" tag="780"><subfield code="t">Laredo times</subfield><subfield code="w">(DLC)sn 86089568</subfield><subfield code="w">(OCoLC)14393578</subfield></datafield><datafield ind1=" " ind2=" " tag="936"><subfield code="a">Thursday, Sept. 22, 1983</subfield></datafield></record>